@article{Swartz200388,
    title = "\{CMS\} pixel simulations ",
    journal = "Nuclear Instruments and Methods in Physics Research Section A: Accelerators, Spectrometers, Detectors and Associated Equipment ",
    volume = "511",
    number = "1â€“2",
    pages = "88 - 91",
    year = "2003",
    note = "Proceedings of the 11th International Workshop on Vertex Detectors ",
    issn = "0168-9002",
    doi = "http://dx.doi.org/10.1016/S0168-9002(03)01757-1",
    url = "//www.sciencedirect.com/science/article/pii/S0168900203017571",
    author = "M Swartz"
}
